@article{DBLP:journals/corr/abs-1803-09544,
  author    = {Uri Alon and
               Meital Zilberstein and
               Omer Levy and
               Eran Yahav},
  title     = {A General Path-Based Representation for Predicting Program Properties},
  journal   = {CoRR},
  volume    = {abs/1803.09544},
  year      = {2018},
  url       = {http://arxiv.org/abs/1803.09544},
  archivePrefix = {arXiv},
  eprint    = {1803.09544},
  timestamp = {Mon, 13 Aug 2018 16:48:10 +0200},
  biburl    = {https://dblp.org/rec/journals/corr/abs-1803-09544.bib},
  bibsource = {dblp computer science bibliography, https://dblp.org}
}

@article{DBLP:journals/corr/abs-1711-00740,
  author    = {Miltiadis Allamanis and
               Marc Brockschmidt and
               Mahmoud Khademi},
  title     = {Learning to Represent Programs with Graphs},
  journal   = {CoRR},
  volume    = {abs/1711.00740},
  year      = {2017},
  url       = {http://arxiv.org/abs/1711.00740},
  archivePrefix = {arXiv},
  eprint    = {1711.00740},
  timestamp = {Mon, 13 Aug 2018 16:46:52 +0200},
  biburl    = {https://dblp.org/rec/journals/corr/abs-1711-00740.bib},
  bibsource = {dblp computer science bibliography, https://dblp.org}
}

@article{DBLP:journals/corr/abs-1802-07779,
  author    = {Daniel DeFreez and
               Aditya V. Thakur and
               Cindy Rubio{-}Gonz{\'{a}}lez},
  title     = {Path-Based Function Embedding and its Application to Specification
               Mining},
  journal   = {CoRR},
  volume    = {abs/1802.07779},
  year      = {2018},
  url       = {http://arxiv.org/abs/1802.07779},
  archivePrefix = {arXiv},
  eprint    = {1802.07779},
  timestamp = {Mon, 13 Aug 2018 16:46:47 +0200},
  biburl    = {https://dblp.org/rec/journals/corr/abs-1802-07779.bib},
  bibsource = {dblp computer science bibliography, https://dblp.org}
}

@article{DBLP:journals/corr/abs-1710-11054,
  author    = {Jacob Devlin and
               Jonathan Uesato and
               Rishabh Singh and
               Pushmeet Kohli},
  title     = {Semantic Code Repair using Neuro-Symbolic Transformation Networks},
  journal   = {CoRR},
  volume    = {abs/1710.11054},
  year      = {2017},
  url       = {http://arxiv.org/abs/1710.11054},
  archivePrefix = {arXiv},
  eprint    = {1710.11054},
  timestamp = {Mon, 13 Aug 2018 16:46:48 +0200},
  biburl    = {https://dblp.org/rec/journals/corr/abs-1710-11054.bib},
  bibsource = {dblp computer science bibliography, https://dblp.org}
}

@article{HyperbolicFuncEMBED,
author = {Lu, Mingming and Liu, Yan and Li, Haifeng and Tan, Dingwu and He, Xiaoxian and Bi, Wenjie and Li, Wenbo},
year = {2019},
month = {02},
pages = {254},
title = {Hyperbolic Function Embedding: Learning Hierarchical Representation for Functions of Source Code in Hyperbolic Space},
volume = {11},
journal = {Symmetry},
doi = {10.3390/sym11020254}
}

@inproceedings{buch2019learning,
  title={Learning-based recursive aggregation of abstract syntax trees for code clone detection},
  author={B{\"u}ch, Lutz and Andrzejak, Artur},
  booktitle={2019 IEEE 26th International Conference on Software Analysis, Evolution and Reengineering (SANER)},
  pages={95--104},
  year={2019},
  organization={IEEE}
}

@article{DBLP:journals/corr/abs-1806-08730,
  author    = {Bryan McCann and
               Nitish Shirish Keskar and
               Caiming Xiong and
               Richard Socher},
  title     = {The Natural Language Decathlon: Multitask Learning as Question Answering},
  journal   = {CoRR},
  volume    = {abs/1806.08730},
  year      = {2018},
  url       = {http://arxiv.org/abs/1806.08730},
  archivePrefix = {arXiv},
  eprint    = {1806.08730},
  timestamp = {Mon, 13 Aug 2018 16:49:05 +0200},
  biburl    = {https://dblp.org/rec/journals/corr/abs-1806-08730.bib},
  bibsource = {dblp computer science bibliography, https://dblp.org}
}

@article{DBLP:journals/corr/abs-1804-07461,
  author    = {Alex Wang and
               Amanpreet Singh and
               Julian Michael and
               Felix Hill and
               Omer Levy and
               Samuel R. Bowman},
  title     = {{GLUE:} {A} Multi-Task Benchmark and Analysis Platform for Natural
               Language Understanding},
  journal   = {CoRR},
  volume    = {abs/1804.07461},
  year      = {2018},
  url       = {http://arxiv.org/abs/1804.07461},
  archivePrefix = {arXiv},
  eprint    = {1804.07461},
  timestamp = {Mon, 13 Aug 2018 16:46:56 +0200},
  biburl    = {https://dblp.org/rec/journals/corr/abs-1804-07461.bib},
  bibsource = {dblp computer science bibliography, https://dblp.org}
}

@article{DBLP:journals/corr/abs-1905-00537,
  author    = {Alex Wang and
               Yada Pruksachatkun and
               Nikita Nangia and
               Amanpreet Singh and
               Julian Michael and
               Felix Hill and
               Omer Levy and
               Samuel R. Bowman},
  title     = {SuperGLUE: {A} Stickier Benchmark for General-Purpose Language Understanding
               Systems},
  journal   = {CoRR},
  volume    = {abs/1905.00537},
  year      = {2019},
  url       = {http://arxiv.org/abs/1905.00537},
  archivePrefix = {arXiv},
  eprint    = {1905.00537},
  timestamp = {Mon, 27 May 2019 13:15:00 +0200},
  biburl    = {https://dblp.org/rec/journals/corr/abs-1905-00537.bib},
  bibsource = {dblp computer science bibliography, https://dblp.org}
}

@misc{nlpprogress1,
  author = {Sebastian Ruder},
  title = {NLP-progress - Repository to track the progress in Natural Language Processing},
  year = {2018},
  url = {https://github.com/sebastianruder/NLP-progress},
  note = {Accessed: 3rd March 2020}
}

@misc{metrixplusplus,
    author = {Andrey Konstantinov},
    title = {Metrix++ is an extendable tool for code metrics collection and analysis},
    year = {2010},
    url = {https://metrixplusplus.github.io},
    note = {Accessed: 3rd March 2020}
}

@misc{fbinfer,
    author = {Facebook},
    title = {A static analyzer for Java, C, C++, and Objective-C},
    year = {2015},
    url = {https://github.com/facebook/infer},
    note = {Accessed: 3rd March 2020}
}

@inproceedings{allamanis2015suggesting,
  title={Suggesting accurate method and class names},
  author={Allamanis, Miltiadis and Barr, Earl T and Bird, Christian and Sutton, Charles},
  booktitle={Proceedings of the 2015 10th Joint Meeting on Foundations of Software Engineering},
  pages={38--49},
  year={2015}
}

@inproceedings{white2016deep,
  title={Deep learning code fragments for code clone detection},
  author={White, Martin and Tufano, Michele and Vendome, Christopher and Poshyvanyk, Denys},
  booktitle={2016 31st IEEE/ACM International Conference on Automated Software Engineering (ASE)},
  pages={87--98},
  year={2016},
  organization={IEEE}
}

@article{pradel2017deep,
  title={Deep learning to find bugs},
  author={Pradel, Michael and Sen, Koushik},
  journal={TU Darmstadt, Department of Computer Science},
  year={2017}
}

@inproceedings{10.1145/3196398.3196450KC,
author = {Martins, Pedro and Achar, Rohan and Lopes, Cristina V.},
title = {50K-C: A Dataset of Compilable, and Compiled, Java Projects},
year = {2018},
isbn = {9781450357166},
publisher = {Association for Computing Machinery},
address = {New York, NY, USA},
url = {https://doi.org/10.1145/3196398.3196450},
doi = {10.1145/3196398.3196450},
booktitle = {Proceedings of the 15th International Conference on Mining Software Repositories},
pages = {1–5},
numpages = {5},
keywords = {large scale compilation, software mining, runnable software repositories},
location = {Gothenburg, Sweden},
series = {MSR ’18}
}
  
@inproceedings{Raychev:2015:PPP:2676726.2677009,
 author = {Raychev, Veselin and Vechev, Martin and Krause, Andreas},
 title = {Predicting Program Properties from "Big Code"},
 booktitle = {Proceedings of the 42Nd Annual ACM SIGPLAN-SIGACT Symposium on Principles of Programming Languages},
 series = {POPL '15},
 year = {2015},
 isbn = {978-1-4503-3300-9},
 location = {Mumbai, India},
 pages = {111--124},
 numpages = {14},
 url = {http://doi.acm.org/10.1145/2676726.2677009},
 doi = {10.1145/2676726.2677009},
 acmid = {2677009},
 publisher = {ACM},
 address = {New York, NY, USA},
 keywords = {big code, closure compiler, conditional random fields, javascript, names, program properties, structured prediction, types},
} 


@article{DBLP:journals/corr/abs-1803-09544,
  author    = {Uri Alon and
               Meital Zilberstein and
               Omer Levy and
               Eran Yahav},
  title     = {A General Path-Based Representation for Predicting Program Properties},
  journal   = {CoRR},
  volume    = {abs/1803.09544},
  year      = {2018},
  url       = {http://arxiv.org/abs/1803.09544},
  archivePrefix = {arXiv},
  eprint    = {1803.09544},
  timestamp = {Mon, 13 Aug 2018 16:48:10 +0200},
  biburl    = {https://dblp.org/rec/journals/corr/abs-1803-09544.bib},
  bibsource = {dblp computer science bibliography, https://dblp.org}
}

@article{DBLP:journals/corr/AllamanisPS16,
  author    = {Miltiadis Allamanis and
               Hao Peng and
               Charles A. Sutton},
  title     = {A Convolutional Attention Network for Extreme Summarization of Source
               Code},
  journal   = {CoRR},
  volume    = {abs/1602.03001},
  year      = {2016},
  url       = {http://arxiv.org/abs/1602.03001},
  archivePrefix = {arXiv},
  eprint    = {1602.03001},
  timestamp = {Mon, 13 Aug 2018 16:49:16 +0200},
  biburl    = {https://dblp.org/rec/journals/corr/AllamanisPS16.bib},
  bibsource = {dblp computer science bibliography, https://dblp.org}
}

@article{DBLP:journals/corr/MaddisonT14,
  author    = {Chris J. Maddison and
               Daniel Tarlow},
  title     = {Structured Generative Models of Natural Source Code},
  journal   = {CoRR},
  volume    = {abs/1401.0514},
  year      = {2014},
  url       = {http://arxiv.org/abs/1401.0514},
  archivePrefix = {arXiv},
  eprint    = {1401.0514},
  timestamp = {Mon, 13 Aug 2018 16:45:59 +0200},
  biburl    = {https://dblp.org/rec/journals/corr/MaddisonT14.bib},
  bibsource = {dblp computer science bibliography, https://dblp.org}
}

@ARTICLE{1702388cycl,
author={T. J. {McCabe}},
journal={IEEE Transactions on Software Engineering},
title={A Complexity Measure},
year={1976},
volume={SE-2},
number={4},
pages={308-320},
keywords={Basis;complexity measure;control flow;decomposition;graph theory;independence;linear;modularization;programming;reduction;software;testing;Software testing;System testing;Graph theory;Fluid flow measurement;Software measurement;Linear programming;Software engineering;Software systems;Software maintenance;National security;Basis;complexity measure;control flow;decomposition;graph theory;independence;linear;modularization;programming;reduction;software;testing},
doi={10.1109/TSE.1976.233837},
ISSN={2326-3881},
month={Dec},}

@article{DBLP:journals/corr/abs-1808-01400,
  author    = {Uri Alon and
               Omer Levy and
               Eran Yahav},
  title     = {code2seq: Generating Sequences from Structured Representations of
               Code},
  journal   = {CoRR},
  volume    = {abs/1808.01400},
  year      = {2018},
  url       = {http://arxiv.org/abs/1808.01400},
  archivePrefix = {arXiv},
  eprint    = {1808.01400},
  timestamp = {Sun, 02 Sep 2018 15:01:56 +0200},
  biburl    = {https://dblp.org/rec/journals/corr/abs-1808-01400.bib},
  bibsource = {dblp computer science bibliography, https://dblp.org}
}

@article{cyclvsloc,
author = {Jay, Graylin and Hale, Joanne and Smith, Randy and Hale, David and Kraft, Nicholas and Ward, Charles},
year = {2009},
month = {01},
pages = {137-143},
title = {Cyclomatic Complexity and Lines of Code: Empirical Evidence of a Stable Linear Relationship},
volume = {2},
journal = {JSEA},
doi = {10.4236/jsea.2009.23020}
}

@article{DBLP:journals/corr/AllamanisBS14,
  author    = {Miltiadis Allamanis and
               Earl T. Barr and
               Charles A. Sutton},
  title     = {Learning Natural Coding Conventions},
  journal   = {CoRR},
  volume    = {abs/1402.4182},
  year      = {2014},
  url       = {http://arxiv.org/abs/1402.4182},
  archivePrefix = {arXiv},
  eprint    = {1402.4182},
  timestamp = {Mon, 13 Aug 2018 16:48:52 +0200},
  biburl    = {https://dblp.org/rec/journals/corr/AllamanisBS14.bib},
  bibsource = {dblp computer science bibliography, https://dblp.org}
}

@article{kingma2014adam,
  title={Adam: A method for stochastic optimization},
  author={Kingma, Diederik P and Ba, Jimmy},
  journal={arXiv preprint arXiv:1412.6980},
  year={2014}
}

@article{code2vec,
  author    = {Uri Alon and
               Meital Zilberstein and
               Omer Levy and
               Eran Yahav},
  title     = {code2vec: Learning Distributed Representations of Code},
  journal   = {CoRR},
  volume    = {abs/1803.09473},
  year      = {2018},
  url       = {http://arxiv.org/abs/1803.09473},
  archivePrefix = {arXiv},
  eprint    = {1803.09473},
  timestamp = {Mon, 13 Aug 2018 16:47:34 +0200},
  biburl    = {https://dblp.org/rec/journals/corr/abs-1803-09473.bib},
  bibsource = {dblp computer science bibliography, https://dblp.org}
}

@inproceedings{simbenchmark,
author = {Sim, Susan and Easterbrook, Steve and Holt, R.C.},
year = {2003},
month = {06},
pages = {74- 83},
title = {Using benchmarking to advance research: A challenge to software engineering},
isbn = {0-7695-1877-X},
journal = {Proceedings - International Conference on Software Engineering},
doi = {10.1109/ICSE.2003.1201189}
}

@article{decapo,
author = {Blackburn, Stephen M. and Garner, Robin and Hoffmann, Chris and Khang, Asjad M. and McKinley, Kathryn S. and Bentzur, Rotem and Diwan, Amer and Feinberg, Daniel and Frampton, Daniel and Guyer, Samuel Z. and et al.},
title = {The DaCapo Benchmarks: Java Benchmarking Development and Analysis},
year = {2006},
issue_date = {October 2006},
publisher = {Association for Computing Machinery},
address = {New York, NY, USA},
volume = {41},
number = {10},
issn = {0362-1340},
url = {https://doi.org/10.1145/1167515.1167488},
doi = {10.1145/1167515.1167488},
journal = {SIGPLAN Not.},
month = oct,
pages = {169–190},
numpages = {22},
keywords = {SPEC, Java, DaCapo, methodology, benchmark}
}

@article{weston2015towards,
  title={Towards ai-complete question answering: A set of prerequisite toy tasks},
  author={Weston, Jason and Bordes, Antoine and Chopra, Sumit and Rush, Alexander M and van Merri{\"e}nboer, Bart and Joulin, Armand and Mikolov, Tomas},
  journal={arXiv preprint arXiv:1502.05698},
  year={2015}
}

@inproceedings{allamanis2015bimodal,
  title={Bimodal modelling of source code and natural language},
  author={Allamanis, Miltos and Tarlow, Daniel and Gordon, Andrew and Wei, Yi},
  booktitle={International conference on machine learning},
  pages={2123--2132},
  year={2015}
}